@techreport{specsRef,
	AUTHOR = "Sunghun Jung and Hyunsu Kim",
	TITLE = "{Analysis of Amazon Prime Air UAV Delivery Service}",
	YEAR = {2017},
	MONTH = {Február},
	ISSN = {1975-7700},
	PUBLISHER = "{Journal of Knowledge Information Technology and System}",
	URL= {\url{https://www.researchgate.net/publication/317389269_Analysis_of_Amazon_Prime_Air_UAV_Delivery_Service}}
   }

@misc{batterySpecsRef,
	title = {Alien Power Pack 10S 10000mah},
	URL = {\url{https://alienpowersystem.com/shop/alien-power-pack/alien-power-pack-10s-10000mah/}},
	note = {Navštívené: 8-12-2018}
}

@misc{simlibRef,
	author = "Petr Peringer",
	title = {SIMulation LIBrary for C++},
	URL = {https://www.fit.vutbr.cz/~peringer/SIMLIB/},
	note = {Posledná úprava: 19. Októbra 2018},
	year = "1991"
}


@misc{guardianRef,
	author = "Alex Hern",
	title = {Amazon claims first successful Prime Air drone delivery },
	URL = {\url{https://www.theguardian.com/technology/2016/dec/14/amazon-claims-first-successful-prime-air-drone-delivery}},
	year = "2016",
	month = "December"
}

@misc{businessInsider,
	author = "Jeff Desjardins",
	title = {Amazon and UPS are betting big on drone delivery},
	URL = {\url{https://www.businessinsider.com/amazon-and-ups-are-betting-big-on-drone-delivery-2018-3}},
	year = "2018",
	month = "Marec"
}

@misc{amazonPrime,
	title = {Amazon Prime Air},
	ULR = {https://www.amazon.com/Amazon-Prime-Air/b?ie=UTF8&node=8037720011}
}

@misc{prednasky,
	title = {Modelování a simulace},
	URL = {https://www.fit.vutbr.cz/study/courses/IMS/public/prednasky/IMS-4.pdf},
	author = "Petr Peringer and Martin Hrubý",
	year = "2018",
	month = "November"
}


@misc{population,
	title = {Population density (people per sq. km of land area)},
	URL = {\url{https://data.worldbank.org/indicator/EN.POP.DNST?end=2017&start=2017&type=points&view=map&year_high_desc=true}}
}